@online{historie,
    title = {Historie hry},
    url = {https://cs.wikipedia.org/wiki/Flappy_Bird}
}

@online{runAndAwait,
    title = {Method RunAndAwait},
    url = {https://news.kynosarges.org/2014/05/01/simulating-platform-runandwait/}
}